<?xml version="1.0" encoding="UTF-8"?><collection xmlns="http://www.loc.gov/MARC21/slim"><record><leader>00404nam--2200157-i-4500</leader><controlfield tag="001">000048409</controlfield><controlfield tag="002">20161230</controlfield><controlfield tag="005">20170124005040</controlfield><controlfield tag="008">060222s1000------------r-----000-0-eng-d</controlfield><datafield ind1=" " ind2=" " tag="080"><subfield code="a">517</subfield></datafield><datafield ind1=" " ind2=" " tag="100"><subfield code="a">Abramov, Iu. Sh</subfield></datafield><datafield ind1=" " ind2=" " tag="245"><subfield code="a">Variationnye metody v teorii opertornyh puchkov</subfield></datafield><datafield ind1=" " ind2=" " tag="260"><subfield code="a">Leningrad</subfield><subfield code="b">Izd.Leningradskovo Univ</subfield><subfield code="c">1983</subfield></datafield><datafield ind1=" " ind2=" " tag="300"><subfield code="a">180 p</subfield></datafield><datafield ind1=" " ind2=" " tag="852"><subfield code="a">71767</subfield></datafield><datafield ind1=" " ind2=" " tag="CAT"><subfield code="a">SYS</subfield><subfield code="c">20170124</subfield><subfield code="h">005040</subfield></datafield></record></collection>